@article {art:main,
  title =	 {Efficient execution of web navigation sequences},
  author =	 {Jos√© Losada and Juan Raposo and Alberto Pan and Paula Montoto},
  year =	 2013,
  publisher =	 {Springer US},
  journal =	 {World Wide Web},
  keywords =	 {Web auomation, Navigation sequence, Otimization, Efficient
                  execution},
  volume =	 17,
  numpages =	 27,
  pages =	 {921-947}
}
